@article{hamidieh2022microgrids,
  title={Microgrids and resilience: A review},
  author={Hamidieh, Mohammad and Ghassemi, Mona},
  journal={IEEE Access},
  volume={10},
  pages={106059--106080},
  year={2022},
  publisher={IEEE}
}
@article{marqusee2021resilience,
  title={Resilience and economics of microgrids with PV, battery storage, and networked diesel generators},
  author={Marqusee, Jeffrey and Becker, William and Ericson, Sean},
  journal={Advances in Applied Energy},
  volume={3},
  pages={100049},
  year={2021},
  publisher={Elsevier}
}
@article{feng2024networked,
  title={Networked Multiagent Reinforcement Learning for Peer-to-Peer Energy Trading},
  author={Feng, Chen and Liu, Andrew L},
  journal={arXiv preprint arXiv:2401.13947},
  year={2024}
}